@article{dfo,
author = {Ghanbari, Hiva and Scheinberg, Katya},
year = {2017},
month = {03},
pages = {},
title = {Black-Box Optimization in Machine Learning with Trust Region Based Derivative Free Algorithm}
}

@article{spearmint,
  author    = {Jasper Snoek, Hugo Larochelle, Ryan P. Adams},
  title     = {Practical Bayesian Optimization of Machine Learning Algorithms},
  journal   = {},
  volume    = {},
  year      = {2012},
  url       = {https://arxiv.org/abs/1206.2944},
  archivePrefix = {arXiv},
  eprint    = {1206.2944},
  timestamp = {Wed, 13 Jun 2012 21:23:15 GMT}
}

@article{coco,
  author    = {Nikolaus Hansen and
               Anne Auger and
               Dimo Brockhoff and
               Dejan Tusar and
               Tea Tusar},
  title     = {{COCO:} Performance Assessment},
  journal = {ArXiv e-prints},
  volume = {arXiv:1605.03560},
  year = 2016
}

@article{results,
  author    = {Rodrigo Benenson},
  title     = {Classification datasets results},
  year      = {2016},
  url       = {http://rodrigob.github.io/are_we_there_yet/build/classification_datasets_results.html#4d4e495354},
}

@article{kaggle,
author = {[Kaggle discussion]},
title = {Error in the MNIST datasets},
year = {2017},
url = {https://www.kaggle.com/c/digit-recognizer/discussion/23999#138390}
}


@article{LeCun,
author = {Yann LeCun et al.},
title = {THE MNIST DATABASE and the best results reported},
url = {http://yann.lecun.com/exdb/mnist/}
}
